@misc{ProPublica:bills,
	title = {{Bills - ProPublica Congress API}},
	journal = {ProPublica},
	year = {2020},
	month = {01},
	note = {[Online; accessed 24. Feb. 2020]},
	url = {https://projects.propublica.org/api-docs/congress-api/bills/#get-cosponsors-for-a-specific-bill}
}
@misc{ProPublica:expenses,
	title = {{House Office Expenditure Data}},
	journal = {ProPublica},
	year = {2019},
	month = {06},
	note = {[Online; accessed 24. Feb. 2020]},
	url = {https://projects.propublica.org/represent/expenditures}
}

@article{Vaccario2017Aug,
	author = {Vaccario, Giacomo and Medo, Mat{\ifmmode\acute{u}\else\'{u}\fi}{\ifmmode\check{s}\else\v{s}\fi} and Wider, Nicolas and Mariani, Manuel Sebastian},
	title = {{Quantifying and suppressing ranking bias in a large citation network}},
	journal = {Journal of Informetrics},
	volume = {11},
	number = {3},
	pages = {766--782},
	year = {2017},
	month = {Aug},
	issn = {1751-1577},
	publisher = {Elsevier},
	doi = {10.1016/j.joi.2017.05.014}
}
